<?xml version="1.0" encoding="UTF-8"?><collection xmlns="http://www.loc.gov/MARC21/slim"><record><leader>00678nam--2200193-i-4500</leader><controlfield tag="001">000007672</controlfield><controlfield tag="002">20161230</controlfield><controlfield tag="005">20161230201027</controlfield><controlfield tag="008">060222s1000------------r-----000-0-eng-d</controlfield><datafield ind1=" " ind2=" " tag="040"><subfield code="a">IFIN-HH</subfield></datafield><datafield ind1=" " ind2=" " tag="080"><subfield code="a">539.144.4</subfield></datafield><datafield ind1="1" ind2=" " tag="100"><subfield code="a">Fuller, G.H</subfield></datafield><datafield ind1="1" ind2="0" tag="245"><subfield code="a">Nuclear data sheets. nuclear moments. a compilation of values, meas ured by spectroscopic and resonances methods, which appeared in the literature before may 1964</subfield><subfield code="c">G.h. fuller, v.w. cohen</subfield></datafield><datafield ind1=" " ind2=" " tag="260"><subfield code="a">Washington, D.C</subfield><subfield code="b">National Academy Of Sciences</subfield><subfield code="c">1965</subfield></datafield><datafield ind1=" " ind2=" " tag="300"><subfield code="a">XI+134P</subfield></datafield><datafield ind1=" " ind2=" " tag="490"><subfield code="a">Appendix 1 To Nuclear Data Sheets, Oct.1964</subfield></datafield><datafield ind1="1" ind2=" " tag="700"><subfield code="a">Cohen, V.W</subfield></datafield><datafield ind1=" " ind2=" " tag="852"><subfield code="a">12469</subfield><subfield code="c">53.081</subfield></datafield><datafield ind1=" " ind2=" " tag="CAT"><subfield code="a">Sys</subfield><subfield code="c">20151112</subfield><subfield code="h">094041</subfield></datafield></record></collection>